
@online{sound_machine_experimentierkasten_kosmos,
    author = "Kosmos",
    title = "Kosmos Sound Machine Experimentierkasten",
    url  = "https://www.kosmos.de/de/sound-machine_1620929_4002051620929",
    addendum = "(accessed: 03.03.2024)",
    keywords = "sound_machine,kosmos"
}
@online{automeris_webplotdigitizer_webpage,
    author = "Automeris LLC",
    title = "WebPlotDigitizer",
    url  = "https://www.automeris.io/wpd/",
    addendum = "(accessed: 03.03.2024)",
    keywords = "webtool"
}